<?xml version="1.0" encoding="UTF-8"?><collection xmlns="http://www.loc.gov/MARC21/slim"><record><leader>00671nam--2200193-u-4500</leader><controlfield tag="001">000053153</controlfield><controlfield tag="002">20161230</controlfield><controlfield tag="005">20161230201051</controlfield><controlfield tag="008">110110s1000------------r-----000-0-eng-d</controlfield><datafield ind1=" " ind2=" " tag="020"><subfield code="a">9810220715</subfield></datafield><datafield ind1=" " ind2=" " tag="040"><subfield code="a">IFIN-HH</subfield></datafield><datafield ind1=" " ind2=" " tag="080"><subfield code="a">539.143:537.533.35(063)</subfield></datafield><datafield ind1="1" ind2=" " tag="100"><subfield code="a">Casten, R.F</subfield></datafield><datafield ind1="1" ind2="0" tag="245"><subfield code="a">Perspectives for the interacting boson model</subfield><subfield code="b">On the occasion of its 20th anniversary, padova, italy, 13-17 june 1994</subfield><subfield code="c">R.F. CASTEN; A. VITTURI, A.B. BALANTEKIN; B.R. BARRETT; J.N. GINOCCHIO; G. MAINO; T. OTSUKA (Eds.)</subfield></datafield><datafield ind1=" " ind2=" " tag="260"><subfield code="a">Singapore</subfield><subfield code="b">World Scientific</subfield><subfield code="c">1994</subfield></datafield><datafield ind1=" " ind2=" " tag="300"><subfield code="a">757P</subfield></datafield><datafield ind1="1" ind2=" " tag="700"><subfield code="a">Otsuka, T</subfield><subfield code="e">Ed</subfield></datafield><datafield ind1=" " ind2=" " tag="852"><subfield code="a">81581</subfield><subfield code="c">539.14</subfield></datafield><datafield ind1=" " ind2=" " tag="CAT"><subfield code="a">Sys</subfield><subfield code="c">20110110</subfield><subfield code="h">095147</subfield></datafield></record></collection>